<?xml version="1.0" encoding="UTF-8"?><collection xmlns="http://www.loc.gov/MARC21/slim"><record><leader>00564nam--2200169-i-4500</leader><controlfield tag="001">000031395</controlfield><controlfield tag="002">20161230</controlfield><controlfield tag="005">20161230201038</controlfield><controlfield tag="008">060222s1000------------r-----000-0-eng-d</controlfield><datafield ind1=" " ind2=" " tag="040"><subfield code="a">IFIN-HH</subfield></datafield><datafield ind1=" " ind2=" " tag="080"><subfield code="a">539.124.143:539.2</subfield></datafield><datafield ind1="1" ind2=" " tag="100"><subfield code="a">Mcmahon, Donald Howland</subfield></datafield><datafield ind1="1" ind2="0" tag="245"><subfield code="a">A study of he effects of virtual phonoprocesses on the paramangnetic resonance of fe ++ in mgo</subfield><subfield code="b">Dissertation</subfield><subfield code="c">Donald howland mcmahon</subfield></datafield><datafield ind1=" " ind2=" " tag="260"><subfield code="a">Ann Arbor, Michingan</subfield><subfield code="b">University Microfilms, Inc</subfield><subfield code="c">1964</subfield></datafield><datafield ind1=" " ind2=" " tag="300"><subfield code="a">V + 176P</subfield></datafield><datafield ind1=" " ind2=" " tag="852"><subfield code="a">32340</subfield><subfield code="c">539.143.43</subfield></datafield><datafield ind1=" " ind2=" " tag="CAT"><subfield code="a">Sys</subfield><subfield code="c">20120504</subfield><subfield code="h">092503</subfield></datafield></record></collection>